@article{flynn2012consistent,
  author={Flynn, C. J. and Perry, P. O.},
  year={},
  title={Consistent Biclustering},
  journal={Preprint ar{X}iv:1206.6927},
  note={Submitted, 2013}
}

@article{perry2012null,
  author={Perry, P. O. and Wolfe, P. J.},
  year={},
  title={Null Models for Network Data},
  journal={Preprint ar{X}iv:1201.5871},
  note={Submitted, 2012}
}

@article{perry2012point,
  author={Perry, P. O. and Wolfe, P. J.},
  year={},
  title={Point Process Modelling for Directed Interaction Networks},
  journal={Journal of the Royal Statistical Society (Series B)},
  note={Accepted, 2012}
}

@incollection{allen2012singular,
  author={Allen, G. I. and Perry, P. O.},
  year={},
  title={The Singular Value Decomposition and High-Dimensional Data},
  booktitle={Encyclopedia of Environmetrics},
  publisher={John Wiley \& Sons},
  note={Accepted, 2012}
}

@incollection{perry2011regularized,
 author={P. O. Perry and M. W. Mahoney},
 year = {2011},
 title ={Regularized Laplacian Estimation and Fast Eigenvector Approximation},
 booktitle = {Advances in Neural Information Processing Systems 24},
 editor = {J. Shawe-Taylor and R. S. Zemel and P. Bartlett and F. C. N. Pereira and K. Q. Weinberger},
 pages = {2420--2428}
}

@article{perry2010minimax,
  author={Perry, P. O. and P. J. Wolfe},
  year={2010},
  title={Minimax Rank Estimation for Subspace Tracking},
  journal={IEEE Journal of Selected Topics in Signal Processing},
  volume={4},
  number={3},
  pages={504--513}
}

@article{perry2010rotation,
  author={Perry, P. O. and A. B. Owen},
  year={2010},
  title={A Rotation Test to Verify Latent Structure},
  journal={Journal of Machine Learning Research},
  volume={11},
  number={Feb},
  pages={603--624}
}

@article{owen2009bcv,
  author={Owen, A. B. and P. O. Perry},
  year={2009},
  title={Bi-cross-validation of the {SVD} and the non-negative matrix factorization},
  journal={Annals of Applied Statistics},
  volume={3},
  number={2},
  pages={564--594}
}

@article{mitra2007efficacy,
  author={Mitra, R. and L. Cheung and P. O. Perry},
  year={2007},
  title={Efficacy of Fluoroscopically Guided Steroid Injections in the Management of Coccydynia},
  journal={Pain Physician},
  volume={10},
  number={6},
  pages={775--778}
}



